<collection xmlns="http://www.loc.gov/MARC21/slim">
<record>
  <leader>01945nam0a2200301 i 450 </leader>
  <controlfield tag="001">IT\ICCU\CNCE\040652</controlfield>
  <controlfield tag="005">20061204000000.0</controlfield>
  <datafield tag="012" ind1=" " ind2=" ">
    <subfield code="a">heo- oi7. lota sevn (3) 1586 (R)</subfield>
    <subfield code="2">fei</subfield>
  </datafield>
  <datafield tag="100" ind1=" " ind2=" ">
    <subfield code="a">19981103d1586        0itac0103    ba</subfield>
  </datafield>
  <datafield tag="101" ind1=" " ind2=" ">
    <subfield code="a">ITA</subfield>
  </datafield>
  <datafield tag="102" ind1=" " ind2=" ">
    <subfield code="a">IT</subfield>
  </datafield>
  <datafield tag="200" ind1="1" ind2=" ">
    <subfield code="a">Historia del magnanimo, et inuincibil principe don Belianis, figliuolo dell&apos;imperator d. Belanio di Grecia, nella quale si narrano le strane, e pericolose auenture, che gli successero, con gli amori, che hebbe con la principessa Florisbella figliuola delsoldano di Babilonia, et come fu ritrouata la principessa Polisena, figliuola del re Priamo di Troia. Tradotta di lingua greca in castigliana, &amp; di castigliana in italiana, da Oratio Rinaldi bolognese</subfield>
  </datafield>
  <datafield tag="210" ind1=" " ind2=" ">
    <subfield code="a">In Ferrara</subfield>
    <subfield code="c">per Vittorio Baldini</subfield>
    <subfield code="d">stampator ducale</subfield>
    <subfield code="d">1586</subfield>
    <subfield code="e">In Ferrara</subfield>
    <subfield code="g">per Vittorio Baldini</subfield>
    <subfield code="h">stampator ducale</subfield>
    <subfield code="h">1586</subfield>
  </datafield>
  <datafield tag="215" ind1=" " ind2=" ">
    <subfield code="a">\8!, 240 \i.e. 220! c.</subfield>
    <subfield code="d">8ʻ</subfield>
  </datafield>
  <datafield tag="620" ind1=" " ind2=" ">
    <subfield code="a">IT</subfield>
    <subfield code="d">Ferrara</subfield>
  </datafield>
  <datafield tag="700" ind1=" " ind2="1">
    <subfield code="a">Fernandez,</subfield>
    <subfield code="b">Jeronimo</subfield>
    <subfield code="3">IT\ICCU\CNCA\010191</subfield>
  </datafield>
  <datafield tag="702" ind1=" " ind2="1">
    <subfield code="a">Rinaldi,</subfield>
    <subfield code="b">Orazio</subfield>
    <subfield code="3">IT\ICCU\CNCA\010192</subfield>
  </datafield>
  <datafield tag="712" ind1="0" ind2="0">
    <subfield code="a">Baldini, Vittorio</subfield>
    <subfield code="3">IT\ICCU\CNCT\000024</subfield>
    <subfield code="4">650</subfield>
  </datafield>
  <datafield tag="790" ind1=" " ind2="1">
    <subfield code="a">Fernandez,</subfield>
    <subfield code="b">Geronimo</subfield>
    <subfield code="3">IT\ICCU\CNCA\018984</subfield>
    <subfield code="z">Fernandez, Jeronimo</subfield>
  </datafield>
  <datafield tag="790" ind1=" " ind2="1">
    <subfield code="a">Rinaldi,</subfield>
    <subfield code="b">Oratio</subfield>
    <subfield code="3">IT\ICCU\CNCA\023660</subfield>
    <subfield code="z">Rinaldi, Orazio</subfield>
  </datafield>
  <datafield tag="791" ind1="0" ind2="2">
    <subfield code="a">Stamperia Camerale</subfield>
    <subfield code="c"> &lt;Ferrara&gt;</subfield>
    <subfield code="3">IT\ICCU\CNCT\002460</subfield>
    <subfield code="z">Baldini, Vittorio</subfield>
  </datafield>
  <datafield tag="791" ind1="0" ind2="0">
    <subfield code="a">Baldinus, Victorius</subfield>
    <subfield code="3">IT\ICCU\CNCT\004286</subfield>
    <subfield code="z">Baldini, Vittorio</subfield>
  </datafield>
  <datafield tag="801" ind1=" " ind2="3">
    <subfield code="a">IT</subfield>
    <subfield code="b">ICCU</subfield>
    <subfield code="c">20201114</subfield>
  </datafield>
  <datafield tag="899" ind1=" " ind2=" ">
    <subfield code="a">Biblioteca nazionale Braidense. Milano</subfield>
    <subfield code="1">MI0185</subfield>
    <subfield code="2">MIL NB</subfield>
  </datafield>
  <datafield tag="899" ind1=" " ind2=" ">
    <subfield code="a">Biblioteca comunale Passerini Landi. Piacenza</subfield>
    <subfield code="1">PC0030</subfield>
    <subfield code="2">PIA PL</subfield>
  </datafield>
  <datafield tag="899" ind1=" " ind2=" ">
    <subfield code="a">British Library. London</subfield>
    <subfield code="1">UK0001</subfield>
  </datafield>
  <datafield tag="911" ind1=" " ind2=" ">
    <subfield code="a">Sul front.</subfield>
    <subfield code="9">IT\ICCU\CNCM\002112</subfield>
  </datafield>
  <datafield tag="921" ind1=" " ind2=" ">
    <subfield code="a">IT\ICCU\CNCM\002112</subfield>
    <subfield code="b">Putto alato e bendato in atto di lanciare tre dadi su un tavolo. A terra libro aperto, arco e frecce spezzate. In cornice figurata.</subfield>
    <subfield code="e">Sorte tandem</subfield>
    <subfield code="c">U656</subfield>
    <subfield code="d">Dimensioni: 5,8 x 6,5</subfield>
    <subfield code="f">PUTTO</subfield>
    <subfield code="f">DADO</subfield>
    <subfield code="f">LIBRO</subfield>
    <subfield code="f">ARCO</subfield>
    <subfield code="f">FRECCIA</subfield>
    <subfield code="g">1586-[non prima del 1595]</subfield>
  </datafield>
</record>
</collection>
